@book{katz-lindell,
author = {Jonathan Katz and Yehuda Lindell},
title = {Introduction to Modern Cryptography: Principles and Protocols},
year = {2007},
publisher = {Chapman and Hall/CRC}
}

@misc{bp,
author = {Benedikt BÃ¼nz and
Jonathan Bootle and
Dan Boneh and
Andrew Poelstra and
Pieter Wuille and
Greg Maxwell},
title        = {Bulletproofs: Short Proofs for Confidential Transactions and More},
howpublished = {Cryptology ePrint Archive, Report 2017/1066},
year         = {2017},
note         = {\url{https://ia.cr/2017/1066}},
}

@misc{bp-plus,
author = {Heewon Chung and
Kyoohyung Han and
Chanyang Ju and
Myungsun Kim and
Jae Hong Seo},
title        = {Bulletproofs+: Shorter Proofs for Privacy-Enhanced Distributed Ledger},
howpublished = {Cryptology ePrint Archive, Report 2020/735},
year         = {2020},
note         = {\url{https://ia.cr/2020/735}},
}

@misc{halo,
author = {Sean Bowe and
Jack Grigg and
Daira Hopwood},
title        = {Recursive Proof Composition without a Trusted Setup},
howpublished = {Cryptology ePrint Archive, Report 2019/1021},
year         = {2019},
note         = {\url{https://ia.cr/2019/1021}},
}