@misc{seraphis,
title={Seraphis: Privacy-focused tx protocol},
author={UkoeHB},
url={https://github.com/UkoeHB/Seraphis},
note = {\url{https://github.com/UkoeHB/Seraphis}}
}
